@misc{icpc,
  title = {{ACM ICPC}},
  howpublished = "\url{http://icpc.baylor.edu}",
}



@article{gds,
	author    = {Marcin Andrychowicz and
	Misha Denil and
	Sergio Gomez Colmenarejo and
	Matthew W. Hoffman and
	David Pfau and
	Tom Schaul and
	Nando de Freitas},
	title     = {Learning to learn by gradient descent by gradient descent},
	journal   = {CoRR},
	volume    = {abs/1606.04474},
	year      = {2016}
}

@article{mooc,
	author    = {Andreas M. Kaplan  and
	Michael Haenlein },
	title     = {Higher education and the digital revolution: About MOOCs, SPOCs and the Cookie Monster},
	journal   = {Business Horizons},
	volume    = {59},
	year      = {2016},
	pages = {441 - 450}
}

@article{async,
	author    = {Hrastinski Stefan },
	title     = {Asynchronous and Synchronous e-learning},
	journal   = {Educause Quarterly},
	volume    = {4},
	year      = {2008},
	pages = {51 - 55}
}

@misc{lmsstats,
	title = {{5th Annual LMS Update}},
	howpublished = "\url{http://edutechnica.com/2017/09/17/5th-annual-lms-data-update/}",
	note = {Retrieved: 2018-01-24}
}

@misc{ccentral,
	title = {{A Product at Every Price: A Review of MOOC Stats and Trends in 2017}},
	howpublished = "\url{https://www.class-central.com/report/moocs-stats-and-trends-2017/}",
	note = {Retrieved: 2018-01-24}
}

@misc{havard,
	title = {{Harvard Online}},
	howpublished = "\url{https://online-learning.harvard.edu/}",
	note = {Retrieved: 2018-01-24}
}

@misc{latex,
	title = {Latex},
	howpublished = "\url{https://www.latex-project.org/}",
	note = {Retrieved: 2018-01-24}
}

@misc{mit,
	title = {{MIT OpenCourseWare}},
	howpublished = "\url{https://ocw.mit.edu/index.htm/}",
	note = {Retrieved: 2018-01-24}
}

@misc{astudio,
	title = {{Android Studio}},
	howpublished = "\url{https://developer.android.com/studio/intro/index.html}",
	note = {Retrieved: 2018-01-24}
}

@misc{netbeans,
	title = {{NetBeans}},
	howpublished = "\url{https://netbeans.org/community/releases/82/}",
	note = {Retrieved: 2018-01-24}
}

@misc{stanford,
	title = {{Stanford Online}},
	howpublished = "\url{https://online.stanford.edu/}",
	note = {Retrieved: 2018-01-24}
}

@misc{pmd,
	title = {{PMD}},
	howpublished = "\url{https://pmd.github.io/}",
}

@misc{checkstyle,
	title = {{Checkstyle}},
	howpublished = "\url{http://checkstyle.sourceforge.net/}",
}

@misc{moodle,
	title = {{Moodle}},
	howpublished = "\url{https://moodle.org/}",
}

@misc{muele,
	title = {{MUELE}},
	howpublished = "\url{https://muele.mak.ac.ug/}",
}

@misc{urkund,
	title = {{URKUND plagiarism plugin}},
	howpublished = "\url{https://moodle.org/plugins/plagiarism_urkund}",
}

@misc{reengagement,
	title = {{Reengagement}},
	howpublished = "\url{https://moodle.org/plugins/mod_reengagement}",
}

@inproceedings{budzalov,
	author = {Buzdalov, Maxim and Buzdalova, Arina and Petrova, Irina},
	title = {Generation of Tests for Programming Challenge Tasks Using Multi-objective Optimization},
	booktitle = {Proceedings of the 15th Annual Conference Companion on Genetic and Evolutionary Computation},
	series = {GECCO '13 Companion},
	year = {2013},
	isbn = {978-1-4503-1964-5},
	location = {Amsterdam, The Netherlands},
	pages = {1655--1658},
	numpages = {4},
	url = {http://doi.acm.org/10.1145/2464576.2482746},
	doi = {10.1145/2464576.2482746},
	acmid = {2482746},
	publisher = {ACM},
	address = {New York, NY, USA},
	keywords = {genetic algorithms, helper-objectives, multi-objective, programming challenges, reinforcement learning, testing},
}

@book{clrs,
	author = {Cormen, Thomas H. and Leiserson, Charles E. and Rivest, Ronald L. and Stein, Clifford},
	title = {Introduction to Algorithms, Third Edition},
	year = {2009},
	isbn = {0262033844, 9780262033848},
	edition = {3rd},
	publisher = {The MIT Press},
}

@ARTICLE{kalman,
	author = {Dan Kalman},
	title = {A singularly valuable decomposition: The SVD of a matrix},
	journal = {College Math Journal},
	year = {1996},
	volume = {27},
	pages = {2--23}
}

@ARTICLE{lms,
	author = {Ellis, Ryann K},
	title = {Field Guide to Learning Management},
	journal = {ASTD Learning Circuits},
	year = {2009}
}

@ARTICLE{anti,
	author = {Antti LAAKSONEN},
	title = {A Competitive Programming Approach to a University Introductory Algorithms Course},
	journal = {International Olympiad in Informatics},
	year = {2017},
	volume = {11},
	pages = {87-92}
}

@ARTICLE{tmc,
	author = {Martin PÃ¤rtel and Matti Luukkainen and Arto Vihavainen and Thomas Vikberg},
	title = {Test my code},
	journal = {International Journal of Technology Enhanced Learning},
	year = {2013},
	volume = {5},
	pages = {271-283}
}

@inproceedings{singh,
	author = {Singh, Rishabh and Gulwani, Sumit and Solar-Lezama, Armando},
	title = {Automated Feedback Generation for Introductory Programming Assignments},
	booktitle = {Proceedings of the 34th ACM SIGPLAN Conference on Programming Language Design and Implementation},
	series = {PLDI '13},
	year = {2013},
	isbn = {978-1-4503-2014-6},
	location = {Seattle, Washington, USA},
	pages = {15--26},
	numpages = {12},
	url = {http://doi.acm.org/10.1145/2491956.2462195},
	doi = {10.1145/2491956.2462195},
	acmid = {2462195},
	publisher = {ACM},
	address = {New York, NY, USA},
	keywords = {automated grading, computer-aided education, program synthesis},
}

@article{ojpot,
	author = {Gui Ping Wang and Shu Yu Chen and Xin Yang and Rui Feng},
	title = {OJPOT: online judge \& practice oriented teaching idea in programming courses},
	journal = {European Journal of Engineering Education},
	volume = {41},
	number = {3},
	pages = {304-319},
	year  = {2016},
	publisher = {Taylor & Francis},
	doi = {10.1080/03043797.2015.1056105},
	
	URL = { 
	http://dx.doi.org/10.1080/03043797.2015.1056105
	
	},
	eprint = { 
	http://dx.doi.org/10.1080/03043797.2015.1056105
	
	}
		
}

@article{git,
	author    = {Alex Williams},
	title     = {Andreessen Horowitz is investing an eye-popping \$100 million into GitHub},
	journal   = {TechCrunch},
	year      = {2012}
}
