@misc{moodleAbout,
   title = {About Moodle},
   url  = {https://docs.moodle.org/33/en/About_Moodle},
   year={July 27, 2017}
}

@misc{moodleSupport,
	title = {Moodle community forums},
	url = {https://moodle.org/course/},
	year = {n.d.}
}

@misc{oss,
	title = {Comparing Open Source vs Closed Source Software},
	author = {Sam Saltis},
	url = {https://www.coredna.com/blogs/comparing-open-closed-source-software},
	year = {Jun 2, 2017}
}

@misc{harv,
	title = {Harvard Online Learning},
	url = {http://online-learning.harvard.edu/},
	year = {n.d.}
}

@misc{stan,
	title = {Stanford online},
	url = {http://online.stanford.edu/},
	year = {n.d.}
}